%YAML 1.1
%TAG !u! tag:unity3d.com,2011:
--- !u!29 &1
OcclusionCullingSettings:
  m_ObjectHideFlags: 0
  serializedVersion: 2
  m_OcclusionBakeSettings:
    smallestOccluder: 5
    smallestHole: 0.25
    backfaceThreshold: 100
  m_SceneGUID: 00000000000000000000000000000000
  m_OcclusionCullingData: {fileID: 0}
--- !u!104 &2
RenderSettings:
  m_ObjectHideFlags: 0
  serializedVersion: 8
  m_Fog: 0
  m_FogColor: {r: 0.5, g: 0.5, b: 0.5, a: 1}
  m_FogMode: 3
  m_FogDensity: 0.01
  m_LinearFogStart: 0
  m_LinearFogEnd: 300
  m_AmbientSkyColor: {r: 0.212, g: 0.227, b: 0.259, a: 1}
  m_AmbientEquatorColor: {r: 0.114, g: 0.125, b: 0.133, a: 1}
  m_AmbientGroundColor: {r: 0.047, g: 0.043, b: 0.035, a: 1}
  m_AmbientIntensity: 1
  m_AmbientMode: 0
  m_SubtractiveShadowColor: {r: 0.42, g: 0.478, b: 0.627, a: 1}
  m_SkyboxMaterial: {fileID: 10304, guid: 0000000000000000f000000000000000, type: 0}
  m_HaloStrength: 0.5
  m_FlareStrength: 1
  m_FlareFadeSpeed: 3
  m_HaloTexture: {fileID: 0}
  m_SpotCookie: {fileID: 10001, guid: 0000000000000000e000000000000000, type: 0}
  m_DefaultReflectionMode: 0
  m_DefaultReflectionResolution: 128
  m_ReflectionBounces: 1
  m_ReflectionIntensity: 1
  m_CustomReflection: {fileID: 0}
  m_Sun: {fileID: 0}
  m_IndirectSpecularColor: {r: 0.3731316, g: 0.38074902, b: 0.3587254, a: 1}
--- !u!157 &3
LightmapSettings:
  m_ObjectHideFlags: 0
  serializedVersion: 11
  m_GIWorkflowMode: 1
  m_GISettings:
    serializedVersion: 2
    m_BounceScale: 1
    m_IndirectOutputScale: 1
    m_AlbedoBoost: 1
    m_TemporalCoherenceThreshold: 1
    m_EnvironmentLightingMode: 0
    m_EnableBakedLightmaps: 1
    m_EnableRealtimeLightmaps: 1
  m_LightmapEditorSettings:
    serializedVersion: 9
    m_Resolution: 2
    m_BakeResolution: 40
    m_TextureWidth: 1024
    m_TextureHeight: 1024
    m_AO: 0
    m_AOMaxDistance: 1
    m_CompAOExponent: 1
    m_CompAOExponentDirect: 0
    m_Padding: 2
    m_LightmapParameters: {fileID: 0}
    m_LightmapsBakeMode: 1
    m_TextureCompression: 1
    m_FinalGather: 0
    m_FinalGatherFiltering: 1
    m_FinalGatherRayCount: 256
    m_ReflectionCompression: 2
    m_MixedBakeMode: 2
    m_BakeBackend: 0
    m_PVRSampling: 1
    m_PVRDirectSampleCount: 32
    m_PVRSampleCount: 500
    m_PVRBounces: 2
    m_PVRFilterTypeDirect: 0
    m_PVRFilterTypeIndirect: 0
    m_PVRFilterTypeAO: 0
    m_PVRFilteringMode: 1
    m_PVRCulling: 1
    m_PVRFilteringGaussRadiusDirect: 1
    m_PVRFilteringGaussRadiusIndirect: 5
    m_PVRFilteringGaussRadiusAO: 2
    m_PVRFilteringAtrousPositionSigmaDirect: 0.5
    m_PVRFilteringAtrousPositionSigmaIndirect: 2
    m_PVRFilteringAtrousPositionSigmaAO: 1
    m_ShowResolutionOverlay: 1
  m_LightingDataAsset: {fileID: 112000002, guid: 3fd2850440bbd4a8fad2ce9d44ea73ee,
    type: 2}
  m_UseShadowmask: 1
--- !u!196 &4
NavMeshSettings:
  serializedVersion: 2
  m_ObjectHideFlags: 0
  m_BuildSettings:
    serializedVersion: 2
    agentTypeID: 0
    agentRadius: 0.5
    agentHeight: 2
    agentSlope: 45
    agentClimb: 0.4
    ledgeDropHeight: 0
    maxJumpAcrossDistance: 0
    minRegionArea: 2
    manualCellSize: 0
    cellSize: 0.16666667
    manualTileSize: 0
    tileSize: 256
    accuratePlacement: 0
    debug:
      m_Flags: 0
  m_NavMeshData: {fileID: 0}
--- !u!1 &242723859
GameObject:
  m_ObjectHideFlags: 0
  m_PrefabParentObject: {fileID: 100020, guid: d7f6c671dab5541aea46bd09a0d97384, type: 3}
  m_PrefabInternal: {fileID: 0}
  serializedVersion: 5
  m_Component:
  - component: {fileID: 242723860}
  - component: {fileID: 242723862}
  - component: {fileID: 242723861}
  m_Layer: 0
  m_Name: MargaritaGlass_01 (2)
  m_TagString: Untagged
  m_Icon: {fileID: 0}
  m_NavMeshLayer: 0
  m_StaticEditorFlags: 0
  m_IsActive: 1
--- !u!4 &242723860
Transform:
  m_ObjectHideFlags: 0
  m_PrefabParentObject: {fileID: 400020, guid: d7f6c671dab5541aea46bd09a0d97384, type: 3}
  m_PrefabInternal: {fileID: 0}
  m_GameObject: {fileID: 242723859}
  m_LocalRotation: {x: -0.7071068, y: -0, z: -0, w: 0.7071068}
  m_LocalPosition: {x: 6.07, y: 1.178, z: 7.564}
  m_LocalScale: {x: 1, y: 1, z: 1}
  m_Children: []
  m_Father: {fileID: 1654462483}
  m_RootOrder: 21
  m_LocalEulerAnglesHint: {x: 0, y: 0, z: 0}
--- !u!23 &242723861
MeshRenderer:
  m_ObjectHideFlags: 0
  m_PrefabParentObject: {fileID: 2300020, guid: d7f6c671dab5541aea46bd09a0d97384,
    type: 3}
  m_PrefabInternal: {fileID: 0}
  m_GameObject: {fileID: 242723859}
  m_Enabled: 1
  m_CastShadows: 1
  m_ReceiveShadows: 1
  m_DynamicOccludee: 1
  m_MotionVectors: 1
  m_LightProbeUsage: 1
  m_ReflectionProbeUsage: 1
  m_Materials:
  - {fileID: 2100000, guid: d7f6c671dab5541aea46bd09a0d97384, type: 3}
  m_StaticBatchInfo:
    firstSubMesh: 0
    subMeshCount: 0
  m_StaticBatchRoot: {fileID: 0}
  m_ProbeAnchor: {fileID: 0}
  m_LightProbeVolumeOverride: {fileID: 0}
  m_ScaleInLightmap: 1
  m_PreserveUVs: 0
  m_IgnoreNormalsForChartDetection: 0
  m_ImportantGI: 0
  m_StitchLightmapSeams: 0
  m_SelectedEditorRenderState: 3
  m_MinimumChartSize: 4
  m_AutoUVMaxDistance: 0.5
  m_AutoUVMaxAngle: 89
  m_LightmapParameters: {fileID: 0}
  m_SortingLayerID: 0
  m_SortingLayer: 0
  m_SortingOrder: 0
--- !u!33 &242723862
MeshFilter:
  m_ObjectHideFlags: 0
  m_PrefabParentObject: {fileID: 3300020, guid: d7f6c671dab5541aea46bd09a0d97384,
    type: 3}
  m_PrefabInternal: {fileID: 0}
  m_GameObject: {fileID: 242723859}
  m_Mesh: {fileID: 4300004, guid: d7f6c671dab5541aea46bd09a0d97384, type: 3}
--- !u!4 &259922829 stripped
Transform:
  m_PrefabParentObject: {fileID: 4642058573977880, guid: 51997a530bedf9648a77c4f5c0ef5487,
    type: 2}
  m_PrefabInternal: {fileID: 1028924157}
--- !u!1 &279367492 stripped
GameObject:
  m_PrefabParentObject: {fileID: 1777214477147380, guid: 7839c812263dbd94384def58352a0f2a,
    type: 2}
  m_PrefabInternal: {fileID: 1714400220}
--- !u!1 &400743513
GameObject:
  m_ObjectHideFlags: 0
  m_PrefabParentObject: {fileID: 100020, guid: d7f6c671dab5541aea46bd09a0d97384, type: 3}
  m_PrefabInternal: {fileID: 0}
  serializedVersion: 5
  m_Component:
  - component: {fileID: 400743514}
  - component: {fileID: 400743516}
  - component: {fileID: 400743515}
  m_Layer: 0
  m_Name: MargaritaGlass_01 (5)
  m_TagString: Untagged
  m_Icon: {fileID: 0}
  m_NavMeshLayer: 0
  m_StaticEditorFlags: 0
  m_IsActive: 1
--- !u!4 &400743514
Transform:
  m_ObjectHideFlags: 0
  m_PrefabParentObject: {fileID: 400020, guid: d7f6c671dab5541aea46bd09a0d97384, type: 3}
  m_PrefabInternal: {fileID: 0}
  m_GameObject: {fileID: 400743513}
  m_LocalRotation: {x: -0.7071068, y: -0, z: -0, w: 0.7071068}
  m_LocalPosition: {x: 6.07, y: 1.46, z: 7.564}
  m_LocalScale: {x: 1, y: 1.0000005, z: 1.0000005}
  m_Children: []
  m_Father: {fileID: 1654462483}
  m_RootOrder: 24
  m_LocalEulerAnglesHint: {x: 0, y: 0, z: 0}
--- !u!23 &400743515
MeshRenderer:
  m_ObjectHideFlags: 0
  m_PrefabParentObject: {fileID: 2300020, guid: d7f6c671dab5541aea46bd09a0d97384,
    type: 3}
  m_PrefabInternal: {fileID: 0}
  m_GameObject: {fileID: 400743513}
  m_Enabled: 1
  m_CastShadows: 1
  m_ReceiveShadows: 1
  m_DynamicOccludee: 1
  m_MotionVectors: 1
  m_LightProbeUsage: 1
  m_ReflectionProbeUsage: 1
  m_Materials:
  - {fileID: 2100000, guid: d7f6c671dab5541aea46bd09a0d97384, type: 3}
  m_StaticBatchInfo:
    firstSubMesh: 0
    subMeshCount: 0
  m_StaticBatchRoot: {fileID: 0}
  m_ProbeAnchor: {fileID: 0}
  m_LightProbeVolumeOverride: {fileID: 0}
  m_ScaleInLightmap: 1
  m_PreserveUVs: 0
  m_IgnoreNormalsForChartDetection: 0
  m_ImportantGI: 0
  m_StitchLightmapSeams: 0
  m_SelectedEditorRenderState: 3
  m_MinimumChartSize: 4
  m_AutoUVMaxDistance: 0.5
  m_AutoUVMaxAngle: 89
  m_LightmapParameters: {fileID: 0}
  m_SortingLayerID: 0
  m_SortingLayer: 0
  m_SortingOrder: 0
--- !u!33 &400743516
MeshFilter:
  m_ObjectHideFlags: 0
  m_PrefabParentObject: {fileID: 3300020, guid: d7f6c671dab5541aea46bd09a0d97384,
    type: 3}
  m_PrefabInternal: {fileID: 0}
  m_GameObject: {fileID: 400743513}
  m_Mesh: {fileID: 4300004, guid: d7f6c671dab5541aea46bd09a0d97384, type: 3}
--- !u!1001 &519356681
Prefab:
  m_ObjectHideFlags: 0
  serializedVersion: 2
  m_Modification:
    m_TransformParent: {fileID: 0}
    m_Modifications:
    - target: {fileID: 4790761897065108, guid: a090d358b61694e089817195ac837ffe, type: 2}
      propertyPath: m_LocalPosition.x
      value: 0
      objectReference: {fileID: 0}
    - target: {fileID: 4790761897065108, guid: a090d358b61694e089817195ac837ffe, type: 2}
      propertyPath: m_LocalPosition.y
      value: 0
      objectReference: {fileID: 0}
    - target: {fileID: 4790761897065108, guid: a090d358b61694e089817195ac837ffe, type: 2}
      propertyPath: m_LocalPosition.z
      value: 0
      objectReference: {fileID: 0}
    - target: {fileID: 4790761897065108, guid: a090d358b61694e089817195ac837ffe, type: 2}
      propertyPath: m_LocalRotation.x
      value: 0
      objectReference: {fileID: 0}
    - target: {fileID: 4790761897065108, guid: a090d358b61694e089817195ac837ffe, type: 2}
      propertyPath: m_LocalRotation.y
      value: 0
      objectReference: {fileID: 0}
    - target: {fileID: 4790761897065108, guid: a090d358b61694e089817195ac837ffe, type: 2}
      propertyPath: m_LocalRotation.z
      value: 0
      objectReference: {fileID: 0}
    - target: {fileID: 4790761897065108, guid: a090d358b61694e089817195ac837ffe, type: 2}
      propertyPath: m_LocalRotation.w
      value: 1
      objectReference: {fileID: 0}
    - target: {fileID: 4790761897065108, guid: a090d358b61694e089817195ac837ffe, type: 2}
      propertyPath: m_RootOrder
      value: 17
      objectReference: {fileID: 0}
    m_RemovedComponents: []
  m_ParentPrefab: {fileID: 100100000, guid: a090d358b61694e089817195ac837ffe, type: 2}
  m_IsPrefabParent: 0
--- !u!1001 &561325822
Prefab:
  m_ObjectHideFlags: 0
  serializedVersion: 2
  m_Modification:
    m_TransformParent: {fileID: 0}
    m_Modifications:
    - target: {fileID: 400000, guid: 5e9e851c0e142814dac026a256ba2ac0, type: 2}
      propertyPath: m_LocalPosition.x
      value: 5.63
      objectReference: {fileID: 0}
    - target: {fileID: 400000, guid: 5e9e851c0e142814dac026a256ba2ac0, type: 2}
      propertyPath: m_LocalPosition.y
      value: 0.87
      objectReference: {fileID: 0}
    - target: {fileID: 400000, guid: 5e9e851c0e142814dac026a256ba2ac0, type: 2}
      propertyPath: m_LocalPosition.z
      value: 6.25
      objectReference: {fileID: 0}
    - target: {fileID: 400000, guid: 5e9e851c0e142814dac026a256ba2ac0, type: 2}
      propertyPath: m_LocalRotation.x
      value: 0
      objectReference: {fileID: 0}
    - target: {fileID: 400000, guid: 5e9e851c0e142814dac026a256ba2ac0, type: 2}
      propertyPath: m_LocalRotation.y
      value: -0.95199597
      objectReference: {fileID: 0}
    - target: {fileID: 400000, guid: 5e9e851c0e142814dac026a256ba2ac0, type: 2}
      propertyPath: m_LocalRotation.z
      value: 0
      objectReference: {fileID: 0}
    - target: {fileID: 400000, guid: 5e9e851c0e142814dac026a256ba2ac0, type: 2}
      propertyPath: m_LocalRotation.w
      value: 0.30611065
      objectReference: {fileID: 0}
    - target: {fileID: 400000, guid: 5e9e851c0e142814dac026a256ba2ac0, type: 2}
      propertyPath: m_RootOrder
      value: 5
      objectReference: {fileID: 0}
    - target: {fileID: 114716826811395298, guid: 5e9e851c0e142814dac026a256ba2ac0,
        type: 2}
      propertyPath: m_LookAt
      value: 
      objectReference: {fileID: 259922829}
    - target: {fileID: 114716826811395298, guid: 5e9e851c0e142814dac026a256ba2ac0,
        type: 2}
      propertyPath: m_Follow
      value: 
      objectReference: {fileID: 259922829}
    m_RemovedComponents: []
  m_ParentPrefab: {fileID: 100100000, guid: 5e9e851c0e142814dac026a256ba2ac0, type: 2}
  m_IsPrefabParent: 0
--- !u!1 &581013653 stripped
GameObject:
  m_PrefabParentObject: {fileID: 1319031723129960, guid: 7839c812263dbd94384def58352a0f2a,
    type: 2}
  m_PrefabInternal: {fileID: 1714400220}
--- !u!1 &753587421
GameObject:
  m_ObjectHideFlags: 0
  m_PrefabParentObject: {fileID: 100020, guid: d7f6c671dab5541aea46bd09a0d97384, type: 3}
  m_PrefabInternal: {fileID: 0}
  serializedVersion: 5
  m_Component:
  - component: {fileID: 753587422}
  - component: {fileID: 753587424}
  - component: {fileID: 753587423}
  m_Layer: 0
  m_Name: MargaritaGlass_01 (4)
  m_TagString: Untagged
  m_Icon: {fileID: 0}
  m_NavMeshLayer: 0
  m_StaticEditorFlags: 0
  m_IsActive: 1
--- !u!4 &753587422
Transform:
  m_ObjectHideFlags: 0
  m_PrefabParentObject: {fileID: 400020, guid: d7f6c671dab5541aea46bd09a0d97384, type: 3}
  m_PrefabInternal: {fileID: 0}
  m_GameObject: {fileID: 753587421}
  m_LocalRotation: {x: -0.7071068, y: -0, z: -0, w: 0.7071068}
  m_LocalPosition: {x: 6.522, y: 1.178, z: 7.564}
  m_LocalScale: {x: 1, y: 1.0000005, z: 1.0000005}
  m_Children: []
  m_Father: {fileID: 1654462483}
  m_RootOrder: 23
  m_LocalEulerAnglesHint: {x: 0, y: 0, z: 0}
--- !u!23 &753587423
MeshRenderer:
  m_ObjectHideFlags: 0
  m_PrefabParentObject: {fileID: 2300020, guid: d7f6c671dab5541aea46bd09a0d97384,
    type: 3}
  m_PrefabInternal: {fileID: 0}
  m_GameObject: {fileID: 753587421}
  m_Enabled: 1
  m_CastShadows: 1
  m_ReceiveShadows: 1
  m_DynamicOccludee: 1
  m_MotionVectors: 1
  m_LightProbeUsage: 1
  m_ReflectionProbeUsage: 1
  m_Materials:
  - {fileID: 2100000, guid: d7f6c671dab5541aea46bd09a0d97384, type: 3}
  m_StaticBatchInfo:
    firstSubMesh: 0
    subMeshCount: 0
  m_StaticBatchRoot: {fileID: 0}
  m_ProbeAnchor: {fileID: 0}
  m_LightProbeVolumeOverride: {fileID: 0}
  m_ScaleInLightmap: 1
  m_PreserveUVs: 0
  m_IgnoreNormalsForChartDetection: 0
  m_ImportantGI: 0
  m_StitchLightmapSeams: 0
  m_SelectedEditorRenderState: 3
  m_MinimumChartSize: 4
  m_AutoUVMaxDistance: 0.5
  m_AutoUVMaxAngle: 89
  m_LightmapParameters: {fileID: 0}
  m_SortingLayerID: 0
  m_SortingLayer: 0
  m_SortingOrder: 0
--- !u!33 &753587424
MeshFilter:
  m_ObjectHideFlags: 0
  m_PrefabParentObject: {fileID: 3300020, guid: d7f6c671dab5541aea46bd09a0d97384,
    type: 3}
  m_PrefabInternal: {fileID: 0}
  m_GameObject: {fileID: 753587421}
  m_Mesh: {fileID: 4300004, guid: d7f6c671dab5541aea46bd09a0d97384, type: 3}
--- !u!1001 &760496006
Prefab:
  m_ObjectHideFlags: 0
  serializedVersion: 2
  m_Modification:
    m_TransformParent: {fileID: 0}
    m_Modifications:
    - target: {fileID: 4762658695847422, guid: 60c5fd965cace394b86268d50009e8d5, type: 2}
      propertyPath: m_LocalPosition.x
      value: 7.199
      objectReference: {fileID: 0}
    - target: {fileID: 4762658695847422, guid: 60c5fd965cace394b86268d50009e8d5, type: 2}
      propertyPath: m_LocalPosition.y
      value: 1.22
      objectReference: {fileID: 0}
    - target: {fileID: 4762658695847422, guid: 60c5fd965cace394b86268d50009e8d5, type: 2}
      propertyPath: m_LocalPosition.z
      value: 5.318
      objectReference: {fileID: 0}
    - target: {fileID: 4762658695847422, guid: 60c5fd965cace394b86268d50009e8d5, type: 2}
      propertyPath: m_LocalRotation.x
      value: -0
      objectReference: {fileID: 0}
    - target: {fileID: 4762658695847422, guid: 60c5fd965cace394b86268d50009e8d5, type: 2}
      propertyPath: m_LocalRotation.y
      value: -0
      objectReference: {fileID: 0}
    - target: {fileID: 4762658695847422, guid: 60c5fd965cace394b86268d50009e8d5, type: 2}
      propertyPath: m_LocalRotation.z
      value: -0
      objectReference: {fileID: 0}
    - target: {fileID: 4762658695847422, guid: 60c5fd965cace394b86268d50009e8d5, type: 2}
      propertyPath: m_LocalRotation.w
      value: 1
      objectReference: {fileID: 0}
    - target: {fileID: 4762658695847422, guid: 60c5fd965cace394b86268d50009e8d5, type: 2}
      propertyPath: m_RootOrder
      value: 11
      objectReference: {fileID: 0}
    m_RemovedComponents: []
  m_ParentPrefab: {fileID: 100100000, guid: 60c5fd965cace394b86268d50009e8d5, type: 2}
  m_IsPrefabParent: 0
--- !u!1001 &1028924157
Prefab:
  m_ObjectHideFlags: 0
  serializedVersion: 2
  m_Modification:
    m_TransformParent: {fileID: 0}
    m_Modifications:
    - target: {fileID: 4642058573977880, guid: 51997a530bedf9648a77c4f5c0ef5487, type: 2}
      propertyPath: m_LocalPosition.x
      value: 4.361
      objectReference: {fileID: 0}
    - target: {fileID: 4642058573977880, guid: 51997a530bedf9648a77c4f5c0ef5487, type: 2}
      propertyPath: m_LocalPosition.y
      value: 1.22
      objectReference: {fileID: 0}
    - target: {fileID: 4642058573977880, guid: 51997a530bedf9648a77c4f5c0ef5487, type: 2}
      propertyPath: m_LocalPosition.z
      value: 6.736
      objectReference: {fileID: 0}
    - target: {fileID: 4642058573977880, guid: 51997a530bedf9648a77c4f5c0ef5487, type: 2}
      propertyPath: m_LocalRotation.x
      value: 0
      objectReference: {fileID: 0}
    - target: {fileID: 4642058573977880, guid: 51997a530bedf9648a77c4f5c0ef5487, type: 2}
      propertyPath: m_LocalRotation.y
      value: 0
      objectReference: {fileID: 0}
    - target: {fileID: 4642058573977880, guid: 51997a530bedf9648a77c4f5c0ef5487, type: 2}
      propertyPath: m_LocalRotation.z
      value: 0
      objectReference: {fileID: 0}
    - target: {fileID: 4642058573977880, guid: 51997a530bedf9648a77c4f5c0ef5487, type: 2}
      propertyPath: m_LocalRotation.w
      value: 1
      objectReference: {fileID: 0}
    - target: {fileID: 4642058573977880, guid: 51997a530bedf9648a77c4f5c0ef5487, type: 2}
      propertyPath: m_RootOrder
      value: 16
      objectReference: {fileID: 0}
    m_RemovedComponents: []
  m_ParentPrefab: {fileID: 100100000, guid: 51997a530bedf9648a77c4f5c0ef5487, type: 2}
  m_IsPrefabParent: 0
--- !u!1 &1097218075
GameObject:
  m_ObjectHideFlags: 0
  m_PrefabParentObject: {fileID: 100020, guid: d7f6c671dab5541aea46bd09a0d97384, type: 3}
  m_PrefabInternal: {fileID: 0}
  serializedVersion: 5
  m_Component:
  - component: {fileID: 1097218076}
  - component: {fileID: 1097218078}
  - component: {fileID: 1097218077}
  m_Layer: 0
  m_Name: MargaritaGlass_01 (6)
  m_TagString: Untagged
  m_Icon: {fileID: 0}
  m_NavMeshLayer: 0
  m_StaticEditorFlags: 0
  m_IsActive: 1
--- !u!4 &1097218076
Transform:
  m_ObjectHideFlags: 0
  m_PrefabParentObject: {fileID: 400020, guid: d7f6c671dab5541aea46bd09a0d97384, type: 3}
  m_PrefabInternal: {fileID: 0}
  m_GameObject: {fileID: 1097218075}
  m_LocalRotation: {x: -0.7071068, y: -0, z: -0, w: 0.7071068}
  m_LocalPosition: {x: 6.284, y: 1.46, z: 7.564}
  m_LocalScale: {x: 1, y: 1.0000005, z: 1.0000005}
  m_Children: []
  m_Father: {fileID: 1654462483}
  m_RootOrder: 25
  m_LocalEulerAnglesHint: {x: 0, y: 0, z: 0}
--- !u!23 &1097218077
MeshRenderer:
  m_ObjectHideFlags: 0
  m_PrefabParentObject: {fileID: 2300020, guid: d7f6c671dab5541aea46bd09a0d97384,
    type: 3}
  m_PrefabInternal: {fileID: 0}
  m_GameObject: {fileID: 1097218075}
  m_Enabled: 1
  m_CastShadows: 1
  m_ReceiveShadows: 1
  m_DynamicOccludee: 1
  m_MotionVectors: 1
  m_LightProbeUsage: 1
  m_ReflectionProbeUsage: 1
  m_Materials:
  - {fileID: 2100000, guid: d7f6c671dab5541aea46bd09a0d97384, type: 3}
  m_StaticBatchInfo:
    firstSubMesh: 0
    subMeshCount: 0
  m_StaticBatchRoot: {fileID: 0}
  m_ProbeAnchor: {fileID: 0}
  m_LightProbeVolumeOverride: {fileID: 0}
  m_ScaleInLightmap: 1
  m_PreserveUVs: 0
  m_IgnoreNormalsForChartDetection: 0
  m_ImportantGI: 0
  m_StitchLightmapSeams: 0
  m_SelectedEditorRenderState: 3
  m_MinimumChartSize: 4
  m_AutoUVMaxDistance: 0.5
  m_AutoUVMaxAngle: 89
  m_LightmapParameters: {fileID: 0}
  m_SortingLayerID: 0
  m_SortingLayer: 0
  m_SortingOrder: 0
--- !u!33 &1097218078
MeshFilter:
  m_ObjectHideFlags: 0
  m_PrefabParentObject: {fileID: 3300020, guid: d7f6c671dab5541aea46bd09a0d97384,
    type: 3}
  m_PrefabInternal: {fileID: 0}
  m_GameObject: {fileID: 1097218075}
  m_Mesh: {fileID: 4300004, guid: d7f6c671dab5541aea46bd09a0d97384, type: 3}
--- !u!20 &1207869285 stripped
Camera:
  m_PrefabParentObject: {fileID: 2000000, guid: 5e9e851c0e142814dac026a256ba2ac0,
    type: 2}
  m_PrefabInternal: {fileID: 561325822}
--- !u!1001 &1262592651
Prefab:
  m_ObjectHideFlags: 0
  serializedVersion: 2
  m_Modification:
    m_TransformParent: {fileID: 0}
    m_Modifications:
    - target: {fileID: 4336375393833096, guid: 684f2e92fc462f145b24be5dd9e9e3f9, type: 2}
      propertyPath: m_LocalPosition.x
      value: 6.047
      objectReference: {fileID: 0}
    - target: {fileID: 4336375393833096, guid: 684f2e92fc462f145b24be5dd9e9e3f9, type: 2}
      propertyPath: m_LocalPosition.y
      value: 1.22
      objectReference: {fileID: 0}
    - target: {fileID: 4336375393833096, guid: 684f2e92fc462f145b24be5dd9e9e3f9, type: 2}
      propertyPath: m_LocalPosition.z
      value: 5.06
      objectReference: {fileID: 0}
    - target: {fileID: 4336375393833096, guid: 684f2e92fc462f145b24be5dd9e9e3f9, type: 2}
      propertyPath: m_LocalRotation.x
      value: -0
      objectReference: {fileID: 0}
    - target: {fileID: 4336375393833096, guid: 684f2e92fc462f145b24be5dd9e9e3f9, type: 2}
      propertyPath: m_LocalRotation.y
      value: -0
      objectReference: {fileID: 0}
    - target: {fileID: 4336375393833096, guid: 684f2e92fc462f145b24be5dd9e9e3f9, type: 2}
      propertyPath: m_LocalRotation.z
      value: -0
      objectReference: {fileID: 0}
    - target: {fileID: 4336375393833096, guid: 684f2e92fc462f145b24be5dd9e9e3f9, type: 2}
      propertyPath: m_LocalRotation.w
      value: 1
      objectReference: {fileID: 0}
    - target: {fileID: 4336375393833096, guid: 684f2e92fc462f145b24be5dd9e9e3f9, type: 2}
      propertyPath: m_RootOrder
      value: 12
      objectReference: {fileID: 0}
    m_RemovedComponents: []
  m_ParentPrefab: {fileID: 100100000, guid: 684f2e92fc462f145b24be5dd9e9e3f9, type: 2}
  m_IsPrefabParent: 0
--- !u!1001 &1432334871
Prefab:
  m_ObjectHideFlags: 0
  serializedVersion: 2
  m_Modification:
    m_TransformParent: {fileID: 0}
    m_Modifications:
    - target: {fileID: 4993580000441706, guid: bbf0f3e226aa8084ea66c915ad58532f, type: 2}
      propertyPath: m_LocalPosition.x
      value: 6.1658
      objectReference: {fileID: 0}
    - target: {fileID: 4993580000441706, guid: bbf0f3e226aa8084ea66c915ad58532f, type: 2}
      propertyPath: m_LocalPosition.y
      value: 1.22
      objectReference: {fileID: 0}
    - target: {fileID: 4993580000441706, guid: bbf0f3e226aa8084ea66c915ad58532f, type: 2}
      propertyPath: m_LocalPosition.z
      value: 5.204
      objectReference: {fileID: 0}
    - target: {fileID: 4993580000441706, guid: bbf0f3e226aa8084ea66c915ad58532f, type: 2}
      propertyPath: m_LocalRotation.x
      value: -0
      objectReference: {fileID: 0}
    - target: {fileID: 4993580000441706, guid: bbf0f3e226aa8084ea66c915ad58532f, type: 2}
      propertyPath: m_LocalRotation.y
      value: -0
      objectReference: {fileID: 0}
    - target: {fileID: 4993580000441706, guid: bbf0f3e226aa8084ea66c915ad58532f, type: 2}
      propertyPath: m_LocalRotation.z
      value: -0
      objectReference: {fileID: 0}
    - target: {fileID: 4993580000441706, guid: bbf0f3e226aa8084ea66c915ad58532f, type: 2}
      propertyPath: m_LocalRotation.w
      value: 1
      objectReference: {fileID: 0}
    - target: {fileID: 4993580000441706, guid: bbf0f3e226aa8084ea66c915ad58532f, type: 2}
      propertyPath: m_RootOrder
      value: 13
      objectReference: {fileID: 0}
    m_RemovedComponents: []
  m_ParentPrefab: {fileID: 100100000, guid: bbf0f3e226aa8084ea66c915ad58532f, type: 2}
  m_IsPrefabParent: 0
--- !u!1001 &1473768636
Prefab:
  m_ObjectHideFlags: 0
  serializedVersion: 2
  m_Modification:
    m_TransformParent: {fileID: 0}
    m_Modifications:
    - target: {fileID: 224948943151303376, guid: 69da03877f1df4fd0aa9b469d20261d9,
        type: 2}
      propertyPath: m_LocalPosition.x
      value: 0
      objectReference: {fileID: 0}
    - target: {fileID: 224948943151303376, guid: 69da03877f1df4fd0aa9b469d20261d9,
        type: 2}
      propertyPath: m_LocalPosition.y
      value: 0
      objectReference: {fileID: 0}
    - target: {fileID: 224948943151303376, guid: 69da03877f1df4fd0aa9b469d20261d9,
        type: 2}
      propertyPath: m_LocalPosition.z
      value: 0
      objectReference: {fileID: 0}
    - target: {fileID: 224948943151303376, guid: 69da03877f1df4fd0aa9b469d20261d9,
        type: 2}
      propertyPath: m_LocalRotation.x
      value: 0
      objectReference: {fileID: 0}
    - target: {fileID: 224948943151303376, guid: 69da03877f1df4fd0aa9b469d20261d9,
        type: 2}
      propertyPath: m_LocalRotation.y
      value: 0
      objectReference: {fileID: 0}
    - target: {fileID: 224948943151303376, guid: 69da03877f1df4fd0aa9b469d20261d9,
        type: 2}
      propertyPath: m_LocalRotation.z
      value: 0
      objectReference: {fileID: 0}
    - target: {fileID: 224948943151303376, guid: 69da03877f1df4fd0aa9b469d20261d9,
        type: 2}
      propertyPath: m_LocalRotation.w
      value: 1
      objectReference: {fileID: 0}
    - target: {fileID: 224948943151303376, guid: 69da03877f1df4fd0aa9b469d20261d9,
        type: 2}
      propertyPath: m_RootOrder
      value: 9
      objectReference: {fileID: 0}
    - target: {fileID: 224948943151303376, guid: 69da03877f1df4fd0aa9b469d20261d9,
        type: 2}
      propertyPath: m_AnchoredPosition.x
      value: 0
      objectReference: {fileID: 0}
    - target: {fileID: 224948943151303376, guid: 69da03877f1df4fd0aa9b469d20261d9,
        type: 2}
      propertyPath: m_AnchoredPosition.y
      value: 0
      objectReference: {fileID: 0}
    - target: {fileID: 224948943151303376, guid: 69da03877f1df4fd0aa9b469d20261d9,
        type: 2}
      propertyPath: m_SizeDelta.x
      value: 0
      objectReference: {fileID: 0}
    - target: {fileID: 224948943151303376, guid: 69da03877f1df4fd0aa9b469d20261d9,
        type: 2}
      propertyPath: m_SizeDelta.y
      value: 0
      objectReference: {fileID: 0}
    - target: {fileID: 224948943151303376, guid: 69da03877f1df4fd0aa9b469d20261d9,
        type: 2}
      propertyPath: m_AnchorMin.x
      value: 0
      objectReference: {fileID: 0}
    - target: {fileID: 224948943151303376, guid: 69da03877f1df4fd0aa9b469d20261d9,
        type: 2}
      propertyPath: m_AnchorMin.y
      value: 0
      objectReference: {fileID: 0}
    - target: {fileID: 224948943151303376, guid: 69da03877f1df4fd0aa9b469d20261d9,
        type: 2}
      propertyPath: m_AnchorMax.x
      value: 0
      objectReference: {fileID: 0}
    - target: {fileID: 224948943151303376, guid: 69da03877f1df4fd0aa9b469d20261d9,
        type: 2}
      propertyPath: m_AnchorMax.y
      value: 0
      objectReference: {fileID: 0}
    - target: {fileID: 224948943151303376, guid: 69da03877f1df4fd0aa9b469d20261d9,
        type: 2}
      propertyPath: m_Pivot.x
      value: 0
      objectReference: {fileID: 0}
    - target: {fileID: 224948943151303376, guid: 69da03877f1df4fd0aa9b469d20261d9,
        type: 2}
      propertyPath: m_Pivot.y
      value: 0
      objectReference: {fileID: 0}
    - target: {fileID: 224921279022050698, guid: 69da03877f1df4fd0aa9b469d20261d9,
        type: 2}
      propertyPath: m_AnchorMin.y
      value: 0
      objectReference: {fileID: 0}
    - target: {fileID: 224921279022050698, guid: 69da03877f1df4fd0aa9b469d20261d9,
        type: 2}
      propertyPath: m_AnchorMax.y
      value: 0
      objectReference: {fileID: 0}
    - target: {fileID: 224921279022050698, guid: 69da03877f1df4fd0aa9b469d20261d9,
        type: 2}
      propertyPath: m_AnchoredPosition.x
      value: 0
      objectReference: {fileID: 0}
    - target: {fileID: 224921279022050698, guid: 69da03877f1df4fd0aa9b469d20261d9,
        type: 2}
      propertyPath: m_AnchoredPosition.y
      value: 0
      objectReference: {fileID: 0}
    - target: {fileID: 224921279022050698, guid: 69da03877f1df4fd0aa9b469d20261d9,
        type: 2}
      propertyPath: m_SizeDelta.x
      value: 0
      objectReference: {fileID: 0}
    - target: {fileID: 224981180899514836, guid: 69da03877f1df4fd0aa9b469d20261d9,
        type: 2}
      propertyPath: m_AnchorMin.y
      value: 0
      objectReference: {fileID: 0}
    - target: {fileID: 224981180899514836, guid: 69da03877f1df4fd0aa9b469d20261d9,
        type: 2}
      propertyPath: m_AnchorMax.y
      value: 0
      objectReference: {fileID: 0}
    - target: {fileID: 224981180899514836, guid: 69da03877f1df4fd0aa9b469d20261d9,
        type: 2}
      propertyPath: m_AnchoredPosition.x
      value: 0
      objectReference: {fileID: 0}
    - target: {fileID: 224981180899514836, guid: 69da03877f1df4fd0aa9b469d20261d9,
        type: 2}
      propertyPath: m_AnchoredPosition.y
      value: 0
      objectReference: {fileID: 0}
    - target: {fileID: 224981180899514836, guid: 69da03877f1df4fd0aa9b469d20261d9,
        type: 2}
      propertyPath: m_SizeDelta.x
      value: 0
      objectReference: {fileID: 0}
    - target: {fileID: 224300443293127456, guid: 69da03877f1df4fd0aa9b469d20261d9,
        type: 2}
      propertyPath: m_AnchorMin.y
      value: 0
      objectReference: {fileID: 0}
    - target: {fileID: 224300443293127456, guid: 69da03877f1df4fd0aa9b469d20261d9,
        type: 2}
      propertyPath: m_AnchorMax.y
      value: 0
      objectReference: {fileID: 0}
    - target: {fileID: 224300443293127456, guid: 69da03877f1df4fd0aa9b469d20261d9,
        type: 2}
      propertyPath: m_AnchoredPosition.x
      value: 0
      objectReference: {fileID: 0}
    - target: {fileID: 224300443293127456, guid: 69da03877f1df4fd0aa9b469d20261d9,
        type: 2}
      propertyPath: m_AnchoredPosition.y
      value: 0
      objectReference: {fileID: 0}
    - target: {fileID: 224300443293127456, guid: 69da03877f1df4fd0aa9b469d20261d9,
        type: 2}
      propertyPath: m_SizeDelta.x
      value: 0
      objectReference: {fileID: 0}
    - target: {fileID: 224124142528313604, guid: 69da03877f1df4fd0aa9b469d20261d9,
        type: 2}
      propertyPath: m_AnchorMin.y
      value: 0
      objectReference: {fileID: 0}
    - target: {fileID: 224124142528313604, guid: 69da03877f1df4fd0aa9b469d20261d9,
        type: 2}
      propertyPath: m_AnchorMax.y
      value: 0
      objectReference: {fileID: 0}
    - target: {fileID: 224124142528313604, guid: 69da03877f1df4fd0aa9b469d20261d9,
        type: 2}
      propertyPath: m_AnchoredPosition.x
      value: 0
      objectReference: {fileID: 0}
    - target: {fileID: 224124142528313604, guid: 69da03877f1df4fd0aa9b469d20261d9,
        type: 2}
      propertyPath: m_AnchoredPosition.y
      value: 0
      objectReference: {fileID: 0}
    - target: {fileID: 224124142528313604, guid: 69da03877f1df4fd0aa9b469d20261d9,
        type: 2}
      propertyPath: m_SizeDelta.x
      value: 0
      objectReference: {fileID: 0}
    - target: {fileID: 224314741534308650, guid: 69da03877f1df4fd0aa9b469d20261d9,
        type: 2}
      propertyPath: m_AnchorMin.y
      value: 0
      objectReference: {fileID: 0}
    - target: {fileID: 224314741534308650, guid: 69da03877f1df4fd0aa9b469d20261d9,
        type: 2}
      propertyPath: m_AnchorMax.y
      value: 0
      objectReference: {fileID: 0}
    - target: {fileID: 224314741534308650, guid: 69da03877f1df4fd0aa9b469d20261d9,
        type: 2}
      propertyPath: m_AnchoredPosition.x
      value: 0
      objectReference: {fileID: 0}
    - target: {fileID: 224314741534308650, guid: 69da03877f1df4fd0aa9b469d20261d9,
        type: 2}
      propertyPath: m_AnchoredPosition.y
      value: 0
      objectReference: {fileID: 0}
    - target: {fileID: 224314741534308650, guid: 69da03877f1df4fd0aa9b469d20261d9,
        type: 2}
      propertyPath: m_SizeDelta.x
      value: 0
      objectReference: {fileID: 0}
    m_RemovedComponents: []
  m_ParentPrefab: {fileID: 100100000, guid: 69da03877f1df4fd0aa9b469d20261d9, type: 2}
  m_IsPrefabParent: 0
--- !u!1001 &1494430428
Prefab:
  m_ObjectHideFlags: 0
  serializedVersion: 2
  m_Modification:
    m_TransformParent: {fileID: 0}
    m_Modifications:
    - target: {fileID: 4587370242279006, guid: 12b1377b913a3c242bbde68a82bf8c2a, type: 2}
      propertyPath: m_LocalPosition.x
      value: 157.03267
      objectReference: {fileID: 0}
    - target: {fileID: 4587370242279006, guid: 12b1377b913a3c242bbde68a82bf8c2a, type: 2}
      propertyPath: m_LocalPosition.y
      value: 36.663902
      objectReference: {fileID: 0}
    - target: {fileID: 4587370242279006, guid: 12b1377b913a3c242bbde68a82bf8c2a, type: 2}
      propertyPath: m_LocalPosition.z
      value: 0
      objectReference: {fileID: 0}
    - target: {fileID: 4587370242279006, guid: 12b1377b913a3c242bbde68a82bf8c2a, type: 2}
      propertyPath: m_LocalRotation.x
      value: 0
      objectReference: {fileID: 0}
    - target: {fileID: 4587370242279006, guid: 12b1377b913a3c242bbde68a82bf8c2a, type: 2}
      propertyPath: m_LocalRotation.y
      value: 0
      objectReference: {fileID: 0}
    - target: {fileID: 4587370242279006, guid: 12b1377b913a3c242bbde68a82bf8c2a, type: 2}
      propertyPath: m_LocalRotation.z
      value: 0
      objectReference: {fileID: 0}
    - target: {fileID: 4587370242279006, guid: 12b1377b913a3c242bbde68a82bf8c2a, type: 2}
      propertyPath: m_LocalRotation.w
      value: 1
      objectReference: {fileID: 0}
    - target: {fileID: 4587370242279006, guid: 12b1377b913a3c242bbde68a82bf8c2a, type: 2}
      propertyPath: m_RootOrder
      value: 8
      objectReference: {fileID: 0}
    - target: {fileID: 114629827668372254, guid: 12b1377b913a3c242bbde68a82bf8c2a,
        type: 2}
      propertyPath: cam
      value: 
      objectReference: {fileID: 1207869285}
    - target: {fileID: 114629827668372254, guid: 12b1377b913a3c242bbde68a82bf8c2a,
        type: 2}
      propertyPath: inventroryBar
      value: 
      objectReference: {fileID: 1615107798}
    - target: {fileID: 114629827668372254, guid: 12b1377b913a3c242bbde68a82bf8c2a,
        type: 2}
      propertyPath: hintObject
      value: 
      objectReference: {fileID: 581013653}
    - target: {fileID: 114629827668372254, guid: 12b1377b913a3c242bbde68a82bf8c2a,
        type: 2}
      propertyPath: frame
      value: 
      objectReference: {fileID: 279367492}
    m_RemovedComponents: []
  m_ParentPrefab: {fileID: 100100000, guid: 12b1377b913a3c242bbde68a82bf8c2a, type: 2}
  m_IsPrefabParent: 0
--- !u!224 &1615107798 stripped
RectTransform:
  m_PrefabParentObject: {fileID: 224617137451517868, guid: 7839c812263dbd94384def58352a0f2a,
    type: 2}
  m_PrefabInternal: {fileID: 1714400220}
--- !u!4 &1654462483 stripped
Transform:
  m_PrefabParentObject: {fileID: 4229845008633134, guid: 6e11fd6d940b649469130f0ee9bedea4,
    type: 2}
  m_PrefabInternal: {fileID: 1915435092}
--- !u!1001 &1664159517
Prefab:
  m_ObjectHideFlags: 0
  serializedVersion: 2
  m_Modification:
    m_TransformParent: {fileID: 0}
    m_Modifications:
    - target: {fileID: 224744866282217962, guid: 85ec18e111a7148d7a96e0e1ce00b92a,
        type: 2}
      propertyPath: m_LocalPosition.x
      value: 0
      objectReference: {fileID: 0}
    - target: {fileID: 224744866282217962, guid: 85ec18e111a7148d7a96e0e1ce00b92a,
        type: 2}
      propertyPath: m_LocalPosition.y
      value: 0
      objectReference: {fileID: 0}
    - target: {fileID: 224744866282217962, guid: 85ec18e111a7148d7a96e0e1ce00b92a,
        type: 2}
      propertyPath: m_LocalPosition.z
      value: 0
      objectReference: {fileID: 0}
    - target: {fileID: 224744866282217962, guid: 85ec18e111a7148d7a96e0e1ce00b92a,
        type: 2}
      propertyPath: m_LocalRotation.x
      value: 0
      objectReference: {fileID: 0}
    - target: {fileID: 224744866282217962, guid: 85ec18e111a7148d7a96e0e1ce00b92a,
        type: 2}
      propertyPath: m_LocalRotation.y
      value: 0
      objectReference: {fileID: 0}
    - target: {fileID: 224744866282217962, guid: 85ec18e111a7148d7a96e0e1ce00b92a,
        type: 2}
      propertyPath: m_LocalRotation.z
      value: 0
      objectReference: {fileID: 0}
    - target: {fileID: 224744866282217962, guid: 85ec18e111a7148d7a96e0e1ce00b92a,
        type: 2}
      propertyPath: m_LocalRotation.w
      value: 1
      objectReference: {fileID: 0}
    - target: {fileID: 224744866282217962, guid: 85ec18e111a7148d7a96e0e1ce00b92a,
        type: 2}
      propertyPath: m_RootOrder
      value: 2
      objectReference: {fileID: 0}
    - target: {fileID: 224744866282217962, guid: 85ec18e111a7148d7a96e0e1ce00b92a,
        type: 2}
      propertyPath: m_AnchoredPosition.x
      value: 0
      objectReference: {fileID: 0}
    - target: {fileID: 224744866282217962, guid: 85ec18e111a7148d7a96e0e1ce00b92a,
        type: 2}
      propertyPath: m_AnchoredPosition.y
      value: 0
      objectReference: {fileID: 0}
    - target: {fileID: 224744866282217962, guid: 85ec18e111a7148d7a96e0e1ce00b92a,
        type: 2}
      propertyPath: m_SizeDelta.x
      value: 0
      objectReference: {fileID: 0}
    - target: {fileID: 224744866282217962, guid: 85ec18e111a7148d7a96e0e1ce00b92a,
        type: 2}
      propertyPath: m_SizeDelta.y
      value: 0
      objectReference: {fileID: 0}
    - target: {fileID: 224744866282217962, guid: 85ec18e111a7148d7a96e0e1ce00b92a,
        type: 2}
      propertyPath: m_AnchorMin.x
      value: 0
      objectReference: {fileID: 0}
    - target: {fileID: 224744866282217962, guid: 85ec18e111a7148d7a96e0e1ce00b92a,
        type: 2}
      propertyPath: m_AnchorMin.y
      value: 0
      objectReference: {fileID: 0}
    - target: {fileID: 224744866282217962, guid: 85ec18e111a7148d7a96e0e1ce00b92a,
        type: 2}
      propertyPath: m_AnchorMax.x
      value: 0
      objectReference: {fileID: 0}
    - target: {fileID: 224744866282217962, guid: 85ec18e111a7148d7a96e0e1ce00b92a,
        type: 2}
      propertyPath: m_AnchorMax.y
      value: 0
      objectReference: {fileID: 0}
    - target: {fileID: 224744866282217962, guid: 85ec18e111a7148d7a96e0e1ce00b92a,
        type: 2}
      propertyPath: m_Pivot.x
      value: 0
      objectReference: {fileID: 0}
    - target: {fileID: 224744866282217962, guid: 85ec18e111a7148d7a96e0e1ce00b92a,
        type: 2}
      propertyPath: m_Pivot.y
      value: 0
      objectReference: {fileID: 0}
    m_RemovedComponents: []
  m_ParentPrefab: {fileID: 100100000, guid: 85ec18e111a7148d7a96e0e1ce00b92a, type: 2}
  m_IsPrefabParent: 0
--- !u!1001 &1689182658
Prefab:
  m_ObjectHideFlags: 0
  serializedVersion: 2
  m_Modification:
    m_TransformParent: {fileID: 0}
    m_Modifications:
    - target: {fileID: 4262659256585262, guid: 4561bcc0faa2540c4bac5117ab50b445, type: 2}
      propertyPath: m_LocalPosition.x
      value: 6.844
      objectReference: {fileID: 0}
    - target: {fileID: 4262659256585262, guid: 4561bcc0faa2540c4bac5117ab50b445, type: 2}
      propertyPath: m_LocalPosition.y
      value: 1.22
      objectReference: {fileID: 0}
    - target: {fileID: 4262659256585262, guid: 4561bcc0faa2540c4bac5117ab50b445, type: 2}
      propertyPath: m_LocalPosition.z
      value: 5.112
      objectReference: {fileID: 0}
    - target: {fileID: 4262659256585262, guid: 4561bcc0faa2540c4bac5117ab50b445, type: 2}
      propertyPath: m_LocalRotation.x
      value: -0
      objectReference: {fileID: 0}
    - target: {fileID: 4262659256585262, guid: 4561bcc0faa2540c4bac5117ab50b445, type: 2}
      propertyPath: m_LocalRotation.y
      value: -0
      objectReference: {fileID: 0}
    - target: {fileID: 4262659256585262, guid: 4561bcc0faa2540c4bac5117ab50b445, type: 2}
      propertyPath: m_LocalRotation.z
      value: -0
      objectReference: {fileID: 0}
    - target: {fileID: 4262659256585262, guid: 4561bcc0faa2540c4bac5117ab50b445, type: 2}
      propertyPath: m_LocalRotation.w
      value: 1
      objectReference: {fileID: 0}
    - target: {fileID: 4262659256585262, guid: 4561bcc0faa2540c4bac5117ab50b445, type: 2}
      propertyPath: m_RootOrder
      value: 10
      objectReference: {fileID: 0}
    m_RemovedComponents: []
  m_ParentPrefab: {fileID: 100100000, guid: 4561bcc0faa2540c4bac5117ab50b445, type: 2}
  m_IsPrefabParent: 0
--- !u!1001 &1714400220
Prefab:
  m_ObjectHideFlags: 0
  serializedVersion: 2
  m_Modification:
    m_TransformParent: {fileID: 0}
    m_Modifications:
    - target: {fileID: 224154346411863564, guid: 7839c812263dbd94384def58352a0f2a,
        type: 2}
      propertyPath: m_LocalPosition.x
      value: 0
      objectReference: {fileID: 0}
    - target: {fileID: 224154346411863564, guid: 7839c812263dbd94384def58352a0f2a,
        type: 2}
      propertyPath: m_LocalPosition.y
      value: 0
      objectReference: {fileID: 0}
    - target: {fileID: 224154346411863564, guid: 7839c812263dbd94384def58352a0f2a,
        type: 2}
      propertyPath: m_LocalPosition.z
      value: 0
      objectReference: {fileID: 0}
    - target: {fileID: 224154346411863564, guid: 7839c812263dbd94384def58352a0f2a,
        type: 2}
      propertyPath: m_LocalRotation.x
      value: 0
      objectReference: {fileID: 0}
    - target: {fileID: 224154346411863564, guid: 7839c812263dbd94384def58352a0f2a,
        type: 2}
      propertyPath: m_LocalRotation.y
      value: 0
      objectReference: {fileID: 0}
    - target: {fileID: 224154346411863564, guid: 7839c812263dbd94384def58352a0f2a,
        type: 2}
      propertyPath: m_LocalRotation.z
      value: 0
      objectReference: {fileID: 0}
    - target: {fileID: 224154346411863564, guid: 7839c812263dbd94384def58352a0f2a,
        type: 2}
      propertyPath: m_LocalRotation.w
      value: 1
      objectReference: {fileID: 0}
    - target: {fileID: 224154346411863564, guid: 7839c812263dbd94384def58352a0f2a,
        type: 2}
      propertyPath: m_RootOrder
      value: 7
      objectReference: {fileID: 0}
    - target: {fileID: 224154346411863564, guid: 7839c812263dbd94384def58352a0f2a,
        type: 2}
      propertyPath: m_AnchoredPosition.x
      value: 0
      objectReference: {fileID: 0}
    - target: {fileID: 224154346411863564, guid: 7839c812263dbd94384def58352a0f2a,
        type: 2}
      propertyPath: m_AnchoredPosition.y
      value: 0
      objectReference: {fileID: 0}
    - target: {fileID: 224154346411863564, guid: 7839c812263dbd94384def58352a0f2a,
        type: 2}
      propertyPath: m_SizeDelta.x
      value: 0
      objectReference: {fileID: 0}
    - target: {fileID: 224154346411863564, guid: 7839c812263dbd94384def58352a0f2a,
        type: 2}
      propertyPath: m_SizeDelta.y
      value: 0
      objectReference: {fileID: 0}
    - target: {fileID: 224154346411863564, guid: 7839c812263dbd94384def58352a0f2a,
        type: 2}
      propertyPath: m_AnchorMin.x
      value: 0
      objectReference: {fileID: 0}
    - target: {fileID: 224154346411863564, guid: 7839c812263dbd94384def58352a0f2a,
        type: 2}
      propertyPath: m_AnchorMin.y
      value: 0
      objectReference: {fileID: 0}
    - target: {fileID: 224154346411863564, guid: 7839c812263dbd94384def58352a0f2a,
        type: 2}
      propertyPath: m_AnchorMax.x
      value: 0
      objectReference: {fileID: 0}
    - target: {fileID: 224154346411863564, guid: 7839c812263dbd94384def58352a0f2a,
        type: 2}
      propertyPath: m_AnchorMax.y
      value: 0
      objectReference: {fileID: 0}
    - target: {fileID: 224154346411863564, guid: 7839c812263dbd94384def58352a0f2a,
        type: 2}
      propertyPath: m_Pivot.x
      value: 0
      objectReference: {fileID: 0}
    - target: {fileID: 224154346411863564, guid: 7839c812263dbd94384def58352a0f2a,
        type: 2}
      propertyPath: m_Pivot.y
      value: 0
      objectReference: {fileID: 0}
    - target: {fileID: 223522461421759638, guid: 7839c812263dbd94384def58352a0f2a,
        type: 2}
      propertyPath: m_Camera
      value: 
      objectReference: {fileID: 1207869285}
    - target: {fileID: 224188380062030356, guid: 7839c812263dbd94384def58352a0f2a,
        type: 2}
      propertyPath: m_AnchorMin.y
      value: 0
      objectReference: {fileID: 0}
    - target: {fileID: 224188380062030356, guid: 7839c812263dbd94384def58352a0f2a,
        type: 2}
      propertyPath: m_AnchorMax.y
      value: 0
      objectReference: {fileID: 0}
    - target: {fileID: 224188380062030356, guid: 7839c812263dbd94384def58352a0f2a,
        type: 2}
      propertyPath: m_AnchoredPosition.x
      value: 0
      objectReference: {fileID: 0}
    - target: {fileID: 224188380062030356, guid: 7839c812263dbd94384def58352a0f2a,
        type: 2}
      propertyPath: m_AnchoredPosition.y
      value: 0
      objectReference: {fileID: 0}
    - target: {fileID: 224188380062030356, guid: 7839c812263dbd94384def58352a0f2a,
        type: 2}
      propertyPath: m_SizeDelta.y
      value: 0
      objectReference: {fileID: 0}
    - target: {fileID: 224396961577721152, guid: 7839c812263dbd94384def58352a0f2a,
        type: 2}
      propertyPath: m_AnchorMin.y
      value: 0
      objectReference: {fileID: 0}
    - target: {fileID: 224396961577721152, guid: 7839c812263dbd94384def58352a0f2a,
        type: 2}
      propertyPath: m_AnchorMax.y
      value: 0
      objectReference: {fileID: 0}
    - target: {fileID: 224396961577721152, guid: 7839c812263dbd94384def58352a0f2a,
        type: 2}
      propertyPath: m_AnchoredPosition.x
      value: 0
      objectReference: {fileID: 0}
    - target: {fileID: 224396961577721152, guid: 7839c812263dbd94384def58352a0f2a,
        type: 2}
      propertyPath: m_AnchoredPosition.y
      value: 0
      objectReference: {fileID: 0}
    - target: {fileID: 224396961577721152, guid: 7839c812263dbd94384def58352a0f2a,
        type: 2}
      propertyPath: m_SizeDelta.y
      value: 0
      objectReference: {fileID: 0}
    - target: {fileID: 224879964120429984, guid: 7839c812263dbd94384def58352a0f2a,
        type: 2}
      propertyPath: m_AnchorMin.y
      value: 0
      objectReference: {fileID: 0}
    - target: {fileID: 224879964120429984, guid: 7839c812263dbd94384def58352a0f2a,
        type: 2}
      propertyPath: m_AnchorMax.y
      value: 0
      objectReference: {fileID: 0}
    - target: {fileID: 224879964120429984, guid: 7839c812263dbd94384def58352a0f2a,
        type: 2}
      propertyPath: m_AnchoredPosition.x
      value: 0
      objectReference: {fileID: 0}
    - target: {fileID: 224879964120429984, guid: 7839c812263dbd94384def58352a0f2a,
        type: 2}
      propertyPath: m_AnchoredPosition.y
      value: 0
      objectReference: {fileID: 0}
    - target: {fileID: 224879964120429984, guid: 7839c812263dbd94384def58352a0f2a,
        type: 2}
      propertyPath: m_SizeDelta.y
      value: 0
      objectReference: {fileID: 0}
    - target: {fileID: 224814208854226880, guid: 7839c812263dbd94384def58352a0f2a,
        type: 2}
      propertyPath: m_AnchorMin.y
      value: 0
      objectReference: {fileID: 0}
    - target: {fileID: 224814208854226880, guid: 7839c812263dbd94384def58352a0f2a,
        type: 2}
      propertyPath: m_AnchorMax.y
      value: 0
      objectReference: {fileID: 0}
    - target: {fileID: 224814208854226880, guid: 7839c812263dbd94384def58352a0f2a,
        type: 2}
      propertyPath: m_AnchoredPosition.x
      value: 0
      objectReference: {fileID: 0}
    - target: {fileID: 224814208854226880, guid: 7839c812263dbd94384def58352a0f2a,
        type: 2}
      propertyPath: m_AnchoredPosition.y
      value: 0
      objectReference: {fileID: 0}
    - target: {fileID: 224814208854226880, guid: 7839c812263dbd94384def58352a0f2a,
        type: 2}
      propertyPath: m_SizeDelta.y
      value: 0
      objectReference: {fileID: 0}
    - target: {fileID: 224725568050202984, guid: 7839c812263dbd94384def58352a0f2a,
        type: 2}
      propertyPath: m_AnchorMin.y
      value: 0
      objectReference: {fileID: 0}
    - target: {fileID: 224725568050202984, guid: 7839c812263dbd94384def58352a0f2a,
        type: 2}
      propertyPath: m_AnchorMax.y
      value: 0
      objectReference: {fileID: 0}
    - target: {fileID: 224725568050202984, guid: 7839c812263dbd94384def58352a0f2a,
        type: 2}
      propertyPath: m_AnchoredPosition.x
      value: 0
      objectReference: {fileID: 0}
    - target: {fileID: 224725568050202984, guid: 7839c812263dbd94384def58352a0f2a,
        type: 2}
      propertyPath: m_AnchoredPosition.y
      value: 0
      objectReference: {fileID: 0}
    - target: {fileID: 224725568050202984, guid: 7839c812263dbd94384def58352a0f2a,
        type: 2}
      propertyPath: m_SizeDelta.y
      value: 0
      objectReference: {fileID: 0}
    - target: {fileID: 224696156690103772, guid: 7839c812263dbd94384def58352a0f2a,
        type: 2}
      propertyPath: m_AnchorMin.y
      value: 0
      objectReference: {fileID: 0}
    - target: {fileID: 224696156690103772, guid: 7839c812263dbd94384def58352a0f2a,
        type: 2}
      propertyPath: m_AnchorMax.y
      value: 0
      objectReference: {fileID: 0}
    - target: {fileID: 224696156690103772, guid: 7839c812263dbd94384def58352a0f2a,
        type: 2}
      propertyPath: m_AnchoredPosition.x
      value: 0
      objectReference: {fileID: 0}
    - target: {fileID: 224696156690103772, guid: 7839c812263dbd94384def58352a0f2a,
        type: 2}
      propertyPath: m_AnchoredPosition.y
      value: 0
      objectReference: {fileID: 0}
    - target: {fileID: 224696156690103772, guid: 7839c812263dbd94384def58352a0f2a,
        type: 2}
      propertyPath: m_SizeDelta.y
      value: 0
      objectReference: {fileID: 0}
    - target: {fileID: 224296529752051440, guid: 7839c812263dbd94384def58352a0f2a,
        type: 2}
      propertyPath: m_AnchorMin.y
      value: 0
      objectReference: {fileID: 0}
    - target: {fileID: 224296529752051440, guid: 7839c812263dbd94384def58352a0f2a,
        type: 2}
      propertyPath: m_AnchorMax.y
      value: 0
      objectReference: {fileID: 0}
    - target: {fileID: 224296529752051440, guid: 7839c812263dbd94384def58352a0f2a,
        type: 2}
      propertyPath: m_AnchoredPosition.x
      value: 0
      objectReference: {fileID: 0}
    - target: {fileID: 224296529752051440, guid: 7839c812263dbd94384def58352a0f2a,
        type: 2}
      propertyPath: m_AnchoredPosition.y
      value: 0
      objectReference: {fileID: 0}
    - target: {fileID: 224296529752051440, guid: 7839c812263dbd94384def58352a0f2a,
        type: 2}
      propertyPath: m_SizeDelta.y
      value: 0
      objectReference: {fileID: 0}
    - target: {fileID: 224114083542986198, guid: 7839c812263dbd94384def58352a0f2a,
        type: 2}
      propertyPath: m_AnchorMin.y
      value: 0
      objectReference: {fileID: 0}
    - target: {fileID: 224114083542986198, guid: 7839c812263dbd94384def58352a0f2a,
        type: 2}
      propertyPath: m_AnchorMax.y
      value: 0
      objectReference: {fileID: 0}
    - target: {fileID: 224114083542986198, guid: 7839c812263dbd94384def58352a0f2a,
        type: 2}
      propertyPath: m_AnchoredPosition.x
      value: 0
      objectReference: {fileID: 0}
    - target: {fileID: 224114083542986198, guid: 7839c812263dbd94384def58352a0f2a,
        type: 2}
      propertyPath: m_AnchoredPosition.y
      value: 0
      objectReference: {fileID: 0}
    - target: {fileID: 224114083542986198, guid: 7839c812263dbd94384def58352a0f2a,
        type: 2}
      propertyPath: m_SizeDelta.y
      value: 0
      objectReference: {fileID: 0}
    m_RemovedComponents: []
  m_ParentPrefab: {fileID: 100100000, guid: 7839c812263dbd94384def58352a0f2a, type: 2}
  m_IsPrefabParent: 0
--- !u!1 &1743269664
GameObject:
  m_ObjectHideFlags: 0
  m_PrefabParentObject: {fileID: 0}
  m_PrefabInternal: {fileID: 0}
  serializedVersion: 5
  m_Component:
  - component: {fileID: 1743269667}
  - component: {fileID: 1743269666}
  - component: {fileID: 1743269665}
  m_Layer: 0
  m_Name: EventSystem
  m_TagString: Untagged
  m_Icon: {fileID: 0}
  m_NavMeshLayer: 0
  m_StaticEditorFlags: 0
  m_IsActive: 1
--- !u!114 &1743269665
MonoBehaviour:
  m_ObjectHideFlags: 0
  m_PrefabParentObject: {fileID: 0}
  m_PrefabInternal: {fileID: 0}
  m_GameObject: {fileID: 1743269664}
  m_Enabled: 1
  m_EditorHideFlags: 0
  m_Script: {fileID: 1077351063, guid: f5f67c52d1564df4a8936ccd202a3bd8, type: 3}
  m_Name: 
  m_EditorClassIdentifier: 
  m_HorizontalAxis: Horizontal
  m_VerticalAxis: Vertical
  m_SubmitButton: Submit
  m_CancelButton: Cancel
  m_InputActionsPerSecond: 10
  m_RepeatDelay: 0.5
  m_ForceModuleActive: 0
--- !u!114 &1743269666
MonoBehaviour:
  m_ObjectHideFlags: 0
  m_PrefabParentObject: {fileID: 0}
  m_PrefabInternal: {fileID: 0}
  m_GameObject: {fileID: 1743269664}
  m_Enabled: 1
  m_EditorHideFlags: 0
  m_Script: {fileID: -619905303, guid: f5f67c52d1564df4a8936ccd202a3bd8, type: 3}
  m_Name: 
  m_EditorClassIdentifier: 
  m_FirstSelected: {fileID: 0}
  m_sendNavigationEvents: 1
  m_DragThreshold: 5
--- !u!4 &1743269667
Transform:
  m_ObjectHideFlags: 0
  m_PrefabParentObject: {fileID: 0}
  m_PrefabInternal: {fileID: 0}
  m_GameObject: {fileID: 1743269664}
  m_LocalRotation: {x: 0, y: 0, z: 0, w: 1}
  m_LocalPosition: {x: 0, y: 0, z: 0}
  m_LocalScale: {x: 1, y: 1, z: 1}
  m_Children: []
  m_Father: {fileID: 0}
  m_RootOrder: 3
  m_LocalEulerAnglesHint: {x: 0, y: 0, z: 0}
--- !u!1001 &1824453111
Prefab:
  m_ObjectHideFlags: 0
  serializedVersion: 2
  m_Modification:
    m_TransformParent: {fileID: 0}
    m_Modifications:
    - target: {fileID: 4390836682595222, guid: 7bb3f6265d8de416b81ade3c8cd00a53, type: 2}
      propertyPath: m_LocalPosition.x
      value: 0
      objectReference: {fileID: 0}
    - target: {fileID: 4390836682595222, guid: 7bb3f6265d8de416b81ade3c8cd00a53, type: 2}
      propertyPath: m_LocalPosition.y
      value: 0
      objectReference: {fileID: 0}
    - target: {fileID: 4390836682595222, guid: 7bb3f6265d8de416b81ade3c8cd00a53, type: 2}
      propertyPath: m_LocalPosition.z
      value: 0
      objectReference: {fileID: 0}
    - target: {fileID: 4390836682595222, guid: 7bb3f6265d8de416b81ade3c8cd00a53, type: 2}
      propertyPath: m_LocalRotation.x
      value: 0
      objectReference: {fileID: 0}
    - target: {fileID: 4390836682595222, guid: 7bb3f6265d8de416b81ade3c8cd00a53, type: 2}
      propertyPath: m_LocalRotation.y
      value: 0
      objectReference: {fileID: 0}
    - target: {fileID: 4390836682595222, guid: 7bb3f6265d8de416b81ade3c8cd00a53, type: 2}
      propertyPath: m_LocalRotation.z
      value: 0
      objectReference: {fileID: 0}
    - target: {fileID: 4390836682595222, guid: 7bb3f6265d8de416b81ade3c8cd00a53, type: 2}
      propertyPath: m_LocalRotation.w
      value: 1
      objectReference: {fileID: 0}
    - target: {fileID: 4390836682595222, guid: 7bb3f6265d8de416b81ade3c8cd00a53, type: 2}
      propertyPath: m_RootOrder
      value: 6
      objectReference: {fileID: 0}
    m_RemovedComponents: []
  m_ParentPrefab: {fileID: 100100000, guid: 7bb3f6265d8de416b81ade3c8cd00a53, type: 2}
  m_IsPrefabParent: 0
--- !u!1 &1858736440
GameObject:
  m_ObjectHideFlags: 0
  m_PrefabParentObject: {fileID: 0}
  m_PrefabInternal: {fileID: 0}
  serializedVersion: 5
  m_Component:
  - component: {fileID: 1858736441}
  m_Layer: 0
  m_Name: Barman
  m_TagString: Untagged
  m_Icon: {fileID: 0}
  m_NavMeshLayer: 0
  m_StaticEditorFlags: 0
  m_IsActive: 1
--- !u!4 &1858736441
Transform:
  m_ObjectHideFlags: 0
  m_PrefabParentObject: {fileID: 0}
  m_PrefabInternal: {fileID: 0}
  m_GameObject: {fileID: 1858736440}
  m_LocalRotation: {x: 0, y: 0, z: 0, w: 1}
  m_LocalPosition: {x: 0, y: 0, z: 0}
  m_LocalScale: {x: 1, y: 1, z: 1}
  m_Children: []
  m_Father: {fileID: 0}
  m_RootOrder: 4
  m_LocalEulerAnglesHint: {x: 0, y: 0, z: 0}
--- !u!1 &1874306497
GameObject:
  m_ObjectHideFlags: 0
  m_PrefabParentObject: {fileID: 100020, guid: d7f6c671dab5541aea46bd09a0d97384, type: 3}
  m_PrefabInternal: {fileID: 0}
  serializedVersion: 5
  m_Component:
  - component: {fileID: 1874306498}
  - component: {fileID: 1874306500}
  - component: {fileID: 1874306499}
  m_Layer: 0
  m_Name: MargaritaGlass_01 (7)
  m_TagString: Untagged
  m_Icon: {fileID: 0}
  m_NavMeshLayer: 0
  m_StaticEditorFlags: 0
  m_IsActive: 1
--- !u!4 &1874306498
Transform:
  m_ObjectHideFlags: 0
  m_PrefabParentObject: {fileID: 400020, guid: d7f6c671dab5541aea46bd09a0d97384, type: 3}
  m_PrefabInternal: {fileID: 0}
  m_GameObject: {fileID: 1874306497}
  m_LocalRotation: {x: -0.7071068, y: -0, z: -0, w: 0.7071068}
  m_LocalPosition: {x: 6.522, y: 1.46, z: 7.564}
  m_LocalScale: {x: 1, y: 1.0000005, z: 1.0000005}
  m_Children: []
  m_Father: {fileID: 1654462483}
  m_RootOrder: 26
  m_LocalEulerAnglesHint: {x: 0, y: 0, z: 0}
--- !u!23 &1874306499
MeshRenderer:
  m_ObjectHideFlags: 0
  m_PrefabParentObject: {fileID: 2300020, guid: d7f6c671dab5541aea46bd09a0d97384,
    type: 3}
  m_PrefabInternal: {fileID: 0}
  m_GameObject: {fileID: 1874306497}
  m_Enabled: 1
  m_CastShadows: 1
  m_ReceiveShadows: 1
  m_DynamicOccludee: 1
  m_MotionVectors: 1
  m_LightProbeUsage: 1
  m_ReflectionProbeUsage: 1
  m_Materials:
  - {fileID: 2100000, guid: d7f6c671dab5541aea46bd09a0d97384, type: 3}
  m_StaticBatchInfo:
    firstSubMesh: 0
    subMeshCount: 0
  m_StaticBatchRoot: {fileID: 0}
  m_ProbeAnchor: {fileID: 0}
  m_LightProbeVolumeOverride: {fileID: 0}
  m_ScaleInLightmap: 1
  m_PreserveUVs: 0
  m_IgnoreNormalsForChartDetection: 0
  m_ImportantGI: 0
  m_StitchLightmapSeams: 0
  m_SelectedEditorRenderState: 3
  m_MinimumChartSize: 4
  m_AutoUVMaxDistance: 0.5
  m_AutoUVMaxAngle: 89
  m_LightmapParameters: {fileID: 0}
  m_SortingLayerID: 0
  m_SortingLayer: 0
  m_SortingOrder: 0
--- !u!33 &1874306500
MeshFilter:
  m_ObjectHideFlags: 0
  m_PrefabParentObject: {fileID: 3300020, guid: d7f6c671dab5541aea46bd09a0d97384,
    type: 3}
  m_PrefabInternal: {fileID: 0}
  m_GameObject: {fileID: 1874306497}
  m_Mesh: {fileID: 4300004, guid: d7f6c671dab5541aea46bd09a0d97384, type: 3}
--- !u!1001 &1890726145
Prefab:
  m_ObjectHideFlags: 0
  serializedVersion: 2
  m_Modification:
    m_TransformParent: {fileID: 0}
    m_Modifications:
    - target: {fileID: 4111511599978046, guid: e6cb750a7c8b543eab2ae6a0e44dc19a, type: 2}
      propertyPath: m_LocalPosition.x
      value: 0
      objectReference: {fileID: 0}
    - target: {fileID: 4111511599978046, guid: e6cb750a7c8b543eab2ae6a0e44dc19a, type: 2}
      propertyPath: m_LocalPosition.y
      value: 0
      objectReference: {fileID: 0}
    - target: {fileID: 4111511599978046, guid: e6cb750a7c8b543eab2ae6a0e44dc19a, type: 2}
      propertyPath: m_LocalPosition.z
      value: 0
      objectReference: {fileID: 0}
    - target: {fileID: 4111511599978046, guid: e6cb750a7c8b543eab2ae6a0e44dc19a, type: 2}
      propertyPath: m_LocalRotation.x
      value: 0
      objectReference: {fileID: 0}
    - target: {fileID: 4111511599978046, guid: e6cb750a7c8b543eab2ae6a0e44dc19a, type: 2}
      propertyPath: m_LocalRotation.y
      value: 0
      objectReference: {fileID: 0}
    - target: {fileID: 4111511599978046, guid: e6cb750a7c8b543eab2ae6a0e44dc19a, type: 2}
      propertyPath: m_LocalRotation.z
      value: 0
      objectReference: {fileID: 0}
    - target: {fileID: 4111511599978046, guid: e6cb750a7c8b543eab2ae6a0e44dc19a, type: 2}
      propertyPath: m_LocalRotation.w
      value: 1
      objectReference: {fileID: 0}
    - target: {fileID: 4111511599978046, guid: e6cb750a7c8b543eab2ae6a0e44dc19a, type: 2}
      propertyPath: m_RootOrder
      value: 15
      objectReference: {fileID: 0}
    m_RemovedComponents: []
  m_ParentPrefab: {fileID: 100100000, guid: e6cb750a7c8b543eab2ae6a0e44dc19a, type: 2}
  m_IsPrefabParent: 0
--- !u!1001 &1915435092
Prefab:
  m_ObjectHideFlags: 0
  serializedVersion: 2
  m_Modification:
    m_TransformParent: {fileID: 0}
    m_Modifications:
    - target: {fileID: 4604787819366688, guid: 6e11fd6d940b649469130f0ee9bedea4, type: 2}
      propertyPath: m_LocalPosition.x
      value: 0
      objectReference: {fileID: 0}
    - target: {fileID: 4604787819366688, guid: 6e11fd6d940b649469130f0ee9bedea4, type: 2}
      propertyPath: m_LocalPosition.y
      value: 0
      objectReference: {fileID: 0}
    - target: {fileID: 4604787819366688, guid: 6e11fd6d940b649469130f0ee9bedea4, type: 2}
      propertyPath: m_LocalPosition.z
      value: 0
      objectReference: {fileID: 0}
    - target: {fileID: 4604787819366688, guid: 6e11fd6d940b649469130f0ee9bedea4, type: 2}
      propertyPath: m_LocalRotation.x
      value: 0
      objectReference: {fileID: 0}
    - target: {fileID: 4604787819366688, guid: 6e11fd6d940b649469130f0ee9bedea4, type: 2}
      propertyPath: m_LocalRotation.y
      value: 0
      objectReference: {fileID: 0}
    - target: {fileID: 4604787819366688, guid: 6e11fd6d940b649469130f0ee9bedea4, type: 2}
      propertyPath: m_LocalRotation.z
      value: 0
      objectReference: {fileID: 0}
    - target: {fileID: 4604787819366688, guid: 6e11fd6d940b649469130f0ee9bedea4, type: 2}
      propertyPath: m_LocalRotation.w
      value: 1
      objectReference: {fileID: 0}
    - target: {fileID: 4604787819366688, guid: 6e11fd6d940b649469130f0ee9bedea4, type: 2}
      propertyPath: m_RootOrder
      value: 1
      objectReference: {fileID: 0}
    - target: {fileID: 1469344702873320, guid: 6e11fd6d940b649469130f0ee9bedea4, type: 2}
      propertyPath: m_Name
      value: Environment (1)
      objectReference: {fileID: 0}
    - target: {fileID: 4323131102745298, guid: 6e11fd6d940b649469130f0ee9bedea4, type: 2}
      propertyPath: m_RootOrder
      value: 37
      objectReference: {fileID: 0}
    - target: {fileID: 4100164560456850, guid: 6e11fd6d940b649469130f0ee9bedea4, type: 2}
      propertyPath: m_RootOrder
      value: 29
      objectReference: {fileID: 0}
    - target: {fileID: 4908621799851360, guid: 6e11fd6d940b649469130f0ee9bedea4, type: 2}
      propertyPath: m_RootOrder
      value: 44
      objectReference: {fileID: 0}
    - target: {fileID: 4817991242380056, guid: 6e11fd6d940b649469130f0ee9bedea4, type: 2}
      propertyPath: m_RootOrder
      value: 43
      objectReference: {fileID: 0}
    - target: {fileID: 4275687756223304, guid: 6e11fd6d940b649469130f0ee9bedea4, type: 2}
      propertyPath: m_RootOrder
      value: 39
      objectReference: {fileID: 0}
    - target: {fileID: 4183965433640702, guid: 6e11fd6d940b649469130f0ee9bedea4, type: 2}
      propertyPath: m_RootOrder
      value: 34
      objectReference: {fileID: 0}
    - target: {fileID: 4854959114551968, guid: 6e11fd6d940b649469130f0ee9bedea4, type: 2}
      propertyPath: m_RootOrder
      value: 40
      objectReference: {fileID: 0}
    - target: {fileID: 4398613739686138, guid: 6e11fd6d940b649469130f0ee9bedea4, type: 2}
      propertyPath: m_RootOrder
      value: 33
      objectReference: {fileID: 0}
    - target: {fileID: 4275758159659020, guid: 6e11fd6d940b649469130f0ee9bedea4, type: 2}
      propertyPath: m_RootOrder
      value: 32
      objectReference: {fileID: 0}
    - target: {fileID: 4925220631027058, guid: 6e11fd6d940b649469130f0ee9bedea4, type: 2}
      propertyPath: m_RootOrder
      value: 35
      objectReference: {fileID: 0}
    - target: {fileID: 4280842286118524, guid: 6e11fd6d940b649469130f0ee9bedea4, type: 2}
      propertyPath: m_RootOrder
      value: 28
      objectReference: {fileID: 0}
    - target: {fileID: 4461715202800374, guid: 6e11fd6d940b649469130f0ee9bedea4, type: 2}
      propertyPath: m_RootOrder
      value: 31
      objectReference: {fileID: 0}
    - target: {fileID: 4195213620172836, guid: 6e11fd6d940b649469130f0ee9bedea4, type: 2}
      propertyPath: m_RootOrder
      value: 27
      objectReference: {fileID: 0}
    - target: {fileID: 4919993772764608, guid: 6e11fd6d940b649469130f0ee9bedea4, type: 2}
      propertyPath: m_RootOrder
      value: 38
      objectReference: {fileID: 0}
    - target: {fileID: 4594921588873376, guid: 6e11fd6d940b649469130f0ee9bedea4, type: 2}
      propertyPath: m_RootOrder
      value: 30
      objectReference: {fileID: 0}
    - target: {fileID: 4202099203198254, guid: 6e11fd6d940b649469130f0ee9bedea4, type: 2}
      propertyPath: m_RootOrder
      value: 41
      objectReference: {fileID: 0}
    - target: {fileID: 4199901642244418, guid: 6e11fd6d940b649469130f0ee9bedea4, type: 2}
      propertyPath: m_RootOrder
      value: 36
      objectReference: {fileID: 0}
    - target: {fileID: 4614544668311890, guid: 6e11fd6d940b649469130f0ee9bedea4, type: 2}
      propertyPath: m_RootOrder
      value: 42
      objectReference: {fileID: 0}
    m_RemovedComponents: []
  m_ParentPrefab: {fileID: 100100000, guid: 6e11fd6d940b649469130f0ee9bedea4, type: 2}
  m_IsPrefabParent: 0
--- !u!1001 &1970194740
Prefab:
  m_ObjectHideFlags: 0
  serializedVersion: 2
  m_Modification:
    m_TransformParent: {fileID: 0}
    m_Modifications:
    - target: {fileID: 4387676178330184, guid: 241a238b9a51f4133b1f89a9c4f84349, type: 2}
      propertyPath: m_LocalPosition.x
      value: 4.474
      objectReference: {fileID: 0}
    - target: {fileID: 4387676178330184, guid: 241a238b9a51f4133b1f89a9c4f84349, type: 2}
      propertyPath: m_LocalPosition.y
      value: 1.22
      objectReference: {fileID: 0}
    - target: {fileID: 4387676178330184, guid: 241a238b9a51f4133b1f89a9c4f84349, type: 2}
      propertyPath: m_LocalPosition.z
      value: 7.217
      objectReference: {fileID: 0}
    - target: {fileID: 4387676178330184, guid: 241a238b9a51f4133b1f89a9c4f84349, type: 2}
      propertyPath: m_LocalRotation.x
      value: 0
      objectReference: {fileID: 0}
    - target: {fileID: 4387676178330184, guid: 241a238b9a51f4133b1f89a9c4f84349, type: 2}
      propertyPath: m_LocalRotation.y
      value: 0.75557625
      objectReference: {fileID: 0}
    - target: {fileID: 4387676178330184, guid: 241a238b9a51f4133b1f89a9c4f84349, type: 2}
      propertyPath: m_LocalRotation.z
      value: 0
      objectReference: {fileID: 0}
    - target: {fileID: 4387676178330184, guid: 241a238b9a51f4133b1f89a9c4f84349, type: 2}
      propertyPath: m_LocalRotation.w
      value: 0.65506077
      objectReference: {fileID: 0}
    - target: {fileID: 4387676178330184, guid: 241a238b9a51f4133b1f89a9c4f84349, type: 2}
      propertyPath: m_RootOrder
      value: 14
      objectReference: {fileID: 0}
    m_RemovedComponents: []
  m_ParentPrefab: {fileID: 100100000, guid: 241a238b9a51f4133b1f89a9c4f84349, type: 2}
  m_IsPrefabParent: 0
--- !u!1 &1975188464
GameObject:
  m_ObjectHideFlags: 0
  m_PrefabParentObject: {fileID: 0}
  m_PrefabInternal: {fileID: 0}
  serializedVersion: 5
  m_Component:
  - component: {fileID: 1975188466}
  - component: {fileID: 1975188465}
  m_Layer: 0
  m_Name: Directional Light
  m_TagString: Untagged
  m_Icon: {fileID: 0}
  m_NavMeshLayer: 0
  m_StaticEditorFlags: 0
  m_IsActive: 1
--- !u!108 &1975188465
Light:
  m_ObjectHideFlags: 0
  m_PrefabParentObject: {fileID: 0}
  m_PrefabInternal: {fileID: 0}
  m_GameObject: {fileID: 1975188464}
  m_Enabled: 1
  serializedVersion: 8
  m_Type: 2
  m_Color: {r: 1, g: 1, b: 1, a: 1}
  m_Intensity: 1
  m_Range: 10
  m_SpotAngle: 30
  m_CookieSize: 10
  m_Shadows:
    m_Type: 2
    m_Resolution: -1
    m_CustomResolution: -1
    m_Strength: 1
    m_Bias: 0.05
    m_NormalBias: 0.4
    m_NearPlane: 0.2
  m_Cookie: {fileID: 0}
  m_DrawHalo: 0
  m_Flare: {fileID: 0}
  m_RenderMode: 0
  m_CullingMask:
    serializedVersion: 2
    m_Bits: 4294967295
  m_Lightmapping: 1
  m_AreaSize: {x: 1, y: 1}
  m_BounceIntensity: 1
  m_ColorTemperature: 6570
  m_UseColorTemperature: 0
  m_ShadowRadius: 0
  m_ShadowAngle: 0
--- !u!4 &1975188466
Transform:
  m_ObjectHideFlags: 0
  m_PrefabParentObject: {fileID: 0}
  m_PrefabInternal: {fileID: 0}
  m_GameObject: {fileID: 1975188464}
  m_LocalRotation: {x: 0.40821788, y: -0.23456968, z: 0.10938163, w: 0.8754261}
  m_LocalPosition: {x: 3.407, y: 2.631, z: 3.751}
  m_LocalScale: {x: 1, y: 1, z: 1}
  m_Children: []
  m_Father: {fileID: 0}
  m_RootOrder: 0
  m_LocalEulerAnglesHint: {x: 50, y: -30, z: 0}
--- !u!1 &2116154668
GameObject:
  m_ObjectHideFlags: 0
  m_PrefabParentObject: {fileID: 100020, guid: d7f6c671dab5541aea46bd09a0d97384, type: 3}
  m_PrefabInternal: {fileID: 0}
  serializedVersion: 5
  m_Component:
  - component: {fileID: 2116154669}
  - component: {fileID: 2116154671}
  - component: {fileID: 2116154670}
  m_Layer: 0
  m_Name: MargaritaGlass_01 (3)
  m_TagString: Untagged
  m_Icon: {fileID: 0}
  m_NavMeshLayer: 0
  m_StaticEditorFlags: 0
  m_IsActive: 1
--- !u!4 &2116154669
Transform:
  m_ObjectHideFlags: 0
  m_PrefabParentObject: {fileID: 400020, guid: d7f6c671dab5541aea46bd09a0d97384, type: 3}
  m_PrefabInternal: {fileID: 0}
  m_GameObject: {fileID: 2116154668}
  m_LocalRotation: {x: -0.7071068, y: -0, z: -0, w: 0.7071068}
  m_LocalPosition: {x: 6.284, y: 1.178, z: 7.564}
  m_LocalScale: {x: 1, y: 1.0000005, z: 1.0000005}
  m_Children: []
  m_Father: {fileID: 1654462483}
  m_RootOrder: 22
  m_LocalEulerAnglesHint: {x: 0, y: 0, z: 0}
--- !u!23 &2116154670
MeshRenderer:
  m_ObjectHideFlags: 0
  m_PrefabParentObject: {fileID: 2300020, guid: d7f6c671dab5541aea46bd09a0d97384,
    type: 3}
  m_PrefabInternal: {fileID: 0}
  m_GameObject: {fileID: 2116154668}
  m_Enabled: 1
  m_CastShadows: 1
  m_ReceiveShadows: 1
  m_DynamicOccludee: 1
  m_MotionVectors: 1
  m_LightProbeUsage: 1
  m_ReflectionProbeUsage: 1
  m_Materials:
  - {fileID: 2100000, guid: d7f6c671dab5541aea46bd09a0d97384, type: 3}
  m_StaticBatchInfo:
    firstSubMesh: 0
    subMeshCount: 0
  m_StaticBatchRoot: {fileID: 0}
  m_ProbeAnchor: {fileID: 0}
  m_LightProbeVolumeOverride: {fileID: 0}
  m_ScaleInLightmap: 1
  m_PreserveUVs: 0
  m_IgnoreNormalsForChartDetection: 0
  m_ImportantGI: 0
  m_StitchLightmapSeams: 0
  m_SelectedEditorRenderState: 3
  m_MinimumChartSize: 4
  m_AutoUVMaxDistance: 0.5
  m_AutoUVMaxAngle: 89
  m_LightmapParameters: {fileID: 0}
  m_SortingLayerID: 0
  m_SortingLayer: 0
  m_SortingOrder: 0
--- !u!33 &2116154671
MeshFilter:
  m_ObjectHideFlags: 0
  m_PrefabParentObject: {fileID: 3300020, guid: d7f6c671dab5541aea46bd09a0d97384,
    type: 3}
  m_PrefabInternal: {fileID: 0}
  m_GameObject: {fileID: 2116154668}
  m_Mesh: {fileID: 4300004, guid: d7f6c671dab5541aea46bd09a0d97384, type: 3}
